This file was created with JabRef 2.2.
Encoding: MacRoman

@ARTICLE{jeremy,
  author = {Hochstedler Jeremy and Paul T. Gagnon},
  title = {American Football Route Identification Using Supervised Machine Learning},
  year = {2017},
  journal = {MIT Sloan Sport Analytics Conference}
}

@ARTICLE{beckmann,
  author = {Lukas Beckmann and Benedikt Budig},
  title = {There and Back Again: Using Fr√©chet-Distance Diagramsto Find Trajectory Turning Points},
  year = {2015},
  journal = {SIGSPATIAL},
  
}

@ARTICLE{barnett,
  author = {Omar Ajmeri and Ali Sha},
  title = {Using Computer Vision and Machine Learningto Automatically Classify NFL Game Film and Develop a Player Tracking System},
  year = {2018},
  journal = {MIT Sloan Sport Analytics Conference}
 
}

@ARTICLE{david,
  author = {David H and Thomas Peucker},
  title = {Algorithms for the Reduction of the Number of Points Required to Represent a Digitized Line or Its Caricature},
  year = {1973},
  journal = {Cartographica: The International Journal for Geographic Information and Geovisualization}
 
}


@ARTICLE{ramer,
  author = {Ramer Urs.},
  title = {An Iterative Procedure for the Polygonal Approximation of Plane Curves.},
  year = {1973},
  journal = {Computer Graphics and Image Processing}
 }